@misc{ref:oracle-benchmarking,
	title = {Avoiding Benchmarking Pitfalls on the JVM},
	year = {2014},
	howpublished = {\url{http://www.oracle.com/technetwork/articles/java/architect-benchmarking-2266277.html}},
	urldate = {20-4-2017}
}

@misc{ref:jmh,
	title = {JMH},
	year = {2017},
	howpublished = {\url{http://openjdk.java.net/projects/code-tools/jmh/}},
	urldate = {21-4-2017}
}
